@misc{BlankDontUse2,
 title = {Blank Don't Use This}
}

@inproceedings{denkrement1_indeco,
    KEYWORDS={primary_literature},
    title={\begingroup
        InDeCo -- Detach Communication from the Interconnection via an automatic zero-configuration, service-oriented Network Handling\endgroup},
    author = {Krummacker, Dennis and Schotten, Hans Dieter},
    booktitle = {ITG Fachbericht Mobilkommunikation Technologien und Anwendungen},
    series = {ITG},
    year = {2021},
    publisher = {IEEE Xplore, VDE},
    eventtitle = {25. ITG-Fachtagung Mobilkommunikation},
    eventdate = {2021-11-03/2021-11-04},
    location = {Osnabr{\"u}ck},
}