@misc{IEEE-1588,
 title = {IEEE 1588-2008. IEEE Standard for a Precision Clock Synchronization Protocol for Networked Measurement and Control Systems},
}

@misc{IEEE-802.1AS,
 title = {IEEE 802.1AS-2011. IEEE Standard for Local and metropolitan area networks - Timing and Synchronization for Time-Sensitive Applications in Bridged Local Area Networks},
}

@misc{IEEE-802.1ASbt,
 title = {IEEE 802.1ASbt. Standard for Local and Metropolitan Area Networks - Timing and Synchronization for Time-Sensitive Applications in Bridged Local Area Networks. Amendment: Enhancements and performance improvements},
}

@misc{IEEE-802.1AS-Rev,
 title = {IEEE 802.1AS-Rev. Standard for Local and Metropolitan Area Networks â€“ Timing and Synchronization for Time-Sensitive Applications},
}

@misc{IEEE-802.11,
 title = {IEEE std. 802.11-2012. IEEE Standard for Information technology, Telecommunications and information exchange between systems Local and metropolitan area networks Specific requirements, Part 11: Wireless LAN Medium Access Control (MAC) and Physical Layer (PHY) Specifications},
}

@misc{iec-opcua,
  title={IEC TR 62541-[X]: OPC Unified Architecture [...]},
  note={A Series of standards}
}