@misc{BlankDontUse3,
 title = {Blank Don't Use This}
}